@InProceedings{bdd100k,
    author = {Yu, Fisher and Chen, Haofeng and Wang, Xin and Xian, Wenqi and Chen, Yingying and Liu, Fangchen and Madhavan, Vashisht and Darrell, Trevor},
    title = {BDD100K: A Diverse Driving Dataset for Heterogeneous Multitask Learning},
    booktitle = {The IEEE Conference on Computer Vision and Pattern Recognition (CVPR)},
    month = {June},
    year = {2020}
}