

@article{DBLP:journals/corr/abs-2105-15203,
    author = {Enze Xie and Wenhai Wang and Zhiding Yu and Anima Anandkumar and Jos{\'{e}} M. {\'{A}}lvarez and Ping Luo},
    title = {SegFormer: Simple and Efficient Design for Semantic Segmentation with Transformers},
    journal = {CoRR},
    volume = {abs/2105.15203},
    year = {2021},
    url = {https://arxiv.org/abs/2105.15203},
    eprinttype = {arXiv},
    eprint = {2105.15203},
    timestamp = {Sat, 01 Jul 2023 10:38:36 +0200},
    biburl = {https://dblp.org/rec/journals/corr/abs-2105-15203.bib},
    bibsource = {dblp computer science bibliography, https://dblp.org}
}
@InProceedings{bdd100k,
    author = {Yu, Fisher and Chen, Haofeng and Wang, Xin and Xian, Wenqi and Chen, Yingying and Liu, Fangchen and Madhavan, Vashisht and Darrell, Trevor},
    title = {BDD100K: A Diverse Driving Dataset for Heterogeneous Multitask Learning},
    booktitle = {The IEEE Conference on Computer Vision and Pattern Recognition (CVPR)},
    month = {June},
    year = {2020}
}
@article{DBLP:journals/corr/VaswaniSPUJGKP17,
    author = {Ashish Vaswani and Noam Shazeer and Niki Parmar and Jakob Uszkoreit and Llion Jones and Aidan N. Gomez and Lukasz Kaiser and Illia Polosukhin},
    title = {Attention Is All You Need},
    journal = {CoRR},
    volume = {abs/1706.03762},
    year = {2017},
    url = {http://arxiv.org/abs/1706.03762},
    eprinttype = {arXiv},
    eprint = {1706.03762},
    timestamp = {Sat, 23 Jan 2021 01:20:40 +0100},
    biburl = {https://dblp.org/rec/journals/corr/VaswaniSPUJGKP17.bib},
    bibsource = {dblp computer science bibliography, https://dblp.org}
}
@article{DBLP:journals/corr/abs-2010-11929,
    author = {Alexey Dosovitskiy and Lucas Beyer and Alexander Kolesnikov and Dirk Weissenborn and Xiaohua Zhai and Thomas Unterthiner and Mostafa Dehghani and Matthias Minderer and Georg Heigold and Sylvain Gelly and Jakob Uszkoreit and Neil Houlsby},
    title = {An Image is Worth 16x16 Words: Transformers for Image Recognition at Scale},
    journal = {CoRR},
    volume = {abs/2010.11929},
    year = {2020},
    url = {https://arxiv.org/abs/2010.11929},
    eprinttype = {arXiv},
    eprint = {2010.11929},
    timestamp = {Fri, 20 Nov 2020 14:04:05 +0100},
    biburl = {https://dblp.org/rec/journals/corr/abs-2010-11929.bib},
    bibsource = {dblp computer science bibliography, https://dblp.org}
}

@article{NHTSA:Overview-2022,
    title = {Overview of motor vehicle traffic crashes in 2022},
    year = {2024},
    journal = {Traffic Safety Facts Research Note. Report No. DOT HS 813 560},
    author = {National Center for Statistics and Analysis},
    url = {https://crashstats.nhtsa.dot.gov/Api/Public/ViewPublication/813582},
}

@article{HLDI:KiaDriveWise,
    title = {Impact of {Kia Drive Wise} collision avoidance features on insurance losses by rated driver age},
    year = {2021},
    journal = {Highway Data Loss Institute},
    volume = {Vol. 38, No. 14},
    url = {https://www.iihs.org/media/a46036e8-4ea8-4a06-9f4e-489e15a82a59/ghymBw/HLDI%20Research/Bulletins/hldi_bulletin_38-14.pdf},
}

@article{HLDI:HondaFCW,
    title = {Impact of {Honda Accord} collision avoidance features on claim frequency by rated driver age},
    year = {2021},
    journal = {Highway Data Loss Institute},
    volume = {Vol. 38, No. 13},
    url = {https://www.iihs.org/media/277bd354-b7bd-4948-9ed0-ab7434a66b1e/EfnY4w/HLDI%20Research/Bulletins/hldi_bulletin_38-13.pdf},
}

@article{HLDI:SubaruEyeSight,
    title = {Impact of {Subaru} collision avoidance features on insurance losses by rated driver age},
    year = {2019},
    journal = {Highway Data Loss Institute},
    volume = {Vol. 36, No 25},
    url = {https://www.iihs.org/media/fe4f4855-7ca7-455f-a5f4-eabaa694d982/wuMUqA/HLDI%20Research/Bulletins/hldi_bulletin_36.25.pdf},
}

@misc{azad2023lossfunctionserasemantic,
      title = {Loss Functions in the Era of Semantic Segmentation: A Survey and Outlook},
      author = {Reza Azad and Moein Heidary and Kadir Yilmaz and Michael HÃ¼ttemann and Sanaz Karimijafarbigloo and Yuli Wu and Anke Schmeink and Dorit Merhof},
      year = {2023},
      eprint = {2312.05391},
      archivePrefix = {arXiv},
      primaryClass = {cs.CV},
      url = {https://arxiv.org/abs/2312.05391},
}